% ....názov súboru je: literatura.bib
% kniha
@book{Coplien:MPD,
	author = "James O. Coplien",
	title = "Multi-Paradigm Design for C++",
	publisher = "Addison-Wesley",
	year = 1999
}

% článok v časopise
@article{Czarnecki:Staged,
    author = "Krzysztof Czarnecki and Simon Helsen and Ulrich Eisenecker",
    title = "Staged Configuration Through Specialization and Multi-Level Configuration of Feature Models",
    journal = "Software Process: Improvement and Practice",
    volume = 10,
    issue = 2,
    month = apr # "/" # jun,
    year = "2005",
    pages = "143--169",
}

% článok v zborníku
@inproceedings{Czarnecki:Progress,
	author = "Krzysztof Czarnecki and Chang Hwan Peter Kim",
	title = "Cardinality-Based Feature Modeling and Constraints: A Progress Report",
	booktitle = "International Workshop on Software Factories, OOPSLA 2005",
	month = oct,
	year = "2005",
	address = "San Diego, USA",
}

% technická správa (nepublikovaná)
@techreport{Kang:FODA,
	author = "Kyo C. Kang and Sholom G. Cohen and James A. Hess and William E. Novak and A. Spencer Peterson",
	title = "Feature-Oriented Domain Analysis ({FODA}): A Feasibility Study",
	institution = "Software Engineering Institute, Carnegie Mellon University",
	address = "Pittsburgh, USA",
	month = nov,
	year = 1990,
	number = "CMU/SEI-90-TR-21",
}

%IEEE Xplore článok
@INPROCEEDINGS{Methodologies,  
	author={Kumar, Gaurav and Bhatia, Pradeep Kumar}, 
	booktitle={2014 Fourth International Conference on Advanced Computing   Communication Technologies},  
	title={Comparative Analysis of Software Engineering Models from Traditional to Modern Methodologies},   
	year={2014},  
	volume={},  
	number={},  
	pages={189-196},  
	doi={10.1109/ACCT.2014.73}
}

% zdroj na webe
@misc{SDLCdef,
	author = "Harness",
	title = "Understanding The Phases Of The Software Development Life Cycle",
	howpublished = "\url{https://harness.io/blog/software-development-life-cycle//}",
	year={2021},  
}

@inproceedings{SDCLphases,
	author = "Walt Scacchi",
	title = "Process Models in Software Engineering",
	booktitle = "J.J. Marciniak (ed.), Encyclopedia of Software Engineering, 2nd
Edition, John Wiley and Sons, Inc, New York, December 2001.",
	month = oct,
	year = "2001",
	address = "Institute for Software Research, University of California, Irvine",
}

% zdroj na webe
@misc{ModelDef,
	author = "Boris Shiklo",
	title = " Software Development Models: Sliced, Diced and Organized in Charts",
	howpublished = "\url{https://www.scnsoft.com/blog/software-development-models}",
	year={2019},  
}
